<?xml version="1.0" encoding="UTF-8"?><collection xmlns="http://www.loc.gov/MARC21/slim"><record><leader>00382nam--2200145-i-4500</leader><controlfield tag="001">000045598</controlfield><controlfield tag="002">20161230</controlfield><controlfield tag="005">20161230201045</controlfield><controlfield tag="008">060222s1000------------r-----000-0-eng-d</controlfield><datafield ind1=" " ind2=" " tag="080"><subfield code="a">530.145.6</subfield></datafield><datafield ind1=" " ind2=" " tag="100"><subfield code="a">Towne, Dudley H</subfield></datafield><datafield ind1=" " ind2=" " tag="245"><subfield code="a">Wave phenomena</subfield></datafield><datafield ind1=" " ind2=" " tag="260"><subfield code="a">Reading/Mass., Addison-wesley Publ.Co., 1967, Xiv + 482p</subfield></datafield><datafield ind1=" " ind2=" " tag="490"><subfield code="a">Addison-wesley Series In Physics</subfield></datafield><datafield ind1=" " ind2=" " tag="852"><subfield code="a">29845</subfield></datafield></record></collection>